%% LaTeX2e file `braully-bib.bib'
%% generated by the `filecontents' environment
%% from source `braully-resumo' on 2015/05/11.
%%
@book{toscani2003sistemas,
  title={Sistemas operacionais e programa{\c{c}}{\~a}o concorrente},
  author={Toscani, S.S. and de Oliveira, R.S. and da Silva Carissimi, A.},
  isbn={9788524106828},
  series={S{\'e}rie Livros Did{\'a}ticos},
  url={http://books.google.com.br/books?id=h4xqQwAACAAJ},
  year={2003},
  publisher={Sagra Luzzatto}
}
@misc{JavaRMI,
  title = {Java Remote Method Invocation API - Java SE Documentation},
  author={Oracle Corporation},
  howpublished={\url{http://docs.oracle.com/javase/7/docs/technotes/guides/rmi}},
  note = {Acessado: 2015-05-01}
}
@misc{JavaDoc,
  title = {Synchronized Methods - The Java Tutorials},
  author={Oracle Corporation},
  howpublished={\url{https://docs.oracle.com/javase/tutorial/essential/concurrency/syncmeth.html}},
  note = {Acessado: 2015-05-01}
}
